% Order alphabetically by key

@MISC{Richardson2009,
	author = {Richardson, Mark},
	title = {Principal {C}omponent {A}nalysis},
	month = {May},
	year = {2009},
	note = {Class Lecture}
}

@MISC{Shlens2014,
	author = {Shlens, Jonathon},
	title = {A {T}utorial on {P}rincipal {C}omponent {A}nalysis},
	month = {April},
	year = {2014}
}